@misc{Wikidata2014,
	author			= {Denny Vrandečić and Markus Krötzsch},
	title			= {Wikidata: A Free Collaborative Knowledge Base},
	year			= {2014},
	howpublished	= {\url{http://cacm.acm.org/magazines/2014/10/178785-wikidata/fulltext}},
	journal			= {Communications of the ACM},
}


@misc{rdfprimer11,
    author          = {Guus Schreiber and Yves Raimond},
    title           = {{RDF 1.1 Primer}},
    year            = {2014},
    howpublished    = {{W3C Working Group Note}},
    note            = {\url{https://www.w3.org/TR/rdf11-primer/}},
    month           = jun,
    day             = {24},
}

@misc{sparql11,
    author          = {Steve Harris and Andy Seaborne and Eric Prud'hommeaux},
    title           = {{SPARQL 1.1 Query Language}},
    howpublished    = {{W3C Recommendation}},
    note            = {\url{https://www.w3.org/TR/sparql11-query/}},
    year            = {2013},
	month           = mar,
    day             = {21},
}

@misc{Lehmann2014,
	author			= {Lehmann, Jens and Isele, Robert and Jakob, Max and Jentzsch, Anja and Kontokostas, Dimitris and Mendes, Pablo and Hellmann, Sebastian and Morsey, Mohamed and Van Kleef, Patrick and Auer, Sören and Bizer, Christian},
	title			= {DBpedia - A Large-scale, Multilingual Knowledge Base Extracted from Wikipedia},
	year			= {2014},
	journal			= {Semantic Web Journal},
}

@misc{Unger2014,
	author			= {Unger, Christina and Freitas, Andr{\'e} and Cimiano, Philipp},
	title			= {An Introduction to Question Answering over Linked Data},
	year			= {2014},
	howpublished	= {\url{https://doi.org/10.1007/978-3-319-10587-1_2}},
}

@misc{Unger2015,
	author			= {Unger, Christina and Forescu, Corina and Lopez, Vanessa and Ngonga Ngomo, Axel-Cyrille and Cabrio, Elena and Walter, Sebastian},
	title			= {Question Answering over Linked Data (QALD-5)},
	year			= {2015},
	howpublished	= {\url{https://doi.org/10.1007/978-3-319-10587-1_2}},
}

@misc{Hernandez2016,
	author			= {Hernández, Daniel and Hogan, Aidan and Riveros, Cristian and Rojas, Carlos and Zerega, Enzo},
	title			= {Querying Wikidata: Comparing SPARQL, Relational and Graph Databases},
	year			= {2016},
}

@misc{Rietveld2016,
	author			= {Rietveld, Laurens and Hoekstra, Rinke},
	title			= {The YASGUI family of SPARQL clients},
	year			= {2016},
	journal			= {Semantic Web},
}

@misc{Arenas2016,
	author			= {Arenas, Marcelo and Grau, Bernardo and Kharlamov, Evgeny and Marciuska, Sarunas and Zheleznyakov, Dimitriy},
	title			= {Faceted Search Over RDF-Based Knowledge Graphs},
	year			= {2016},
	journal			= {SSRN Electronic Journal},
}

@misc{Diaz2016,
	author			= {Diaz, Gonzalo and Arenas, Marcelo and Benedikt, Michael},
	title			= {SPARQLByE: Querying RDF Data by Example},
	year			= {2016},
	howpublished	= {\url{https://doi.org/10.14778/3007263.3007302}},
	journal			= {Proc. VLDB Endow.},
}

@misc{Ferre2016,
	author			= {Ferré, Sébastien},
	title			= {Sparklis: An expressive query builder for SPARQL endpoints with guidance in natural language},
	year			= {2016},
	journal			= {Semantic Web},
}

@misc{Sparql2012, 
    author			= {World Wide Web Consortium},
	title			= {SPARQL 1.1 Query Language}, 
	howpublished	= {\url{http://www.w3.org/TR/sparql11-query/}}, 
	journal			= {W3C}
}

@misc{wikidataQueryService, 
    author			= {World Wide Web Consortium},
	title			= {Wikidata Query Service},
	howpublished	= {\url{https://query.wikidata.org/}}, 
}

@misc{w3c, 
    author			= {World Wide Web Consortium},
	title			= {World Wide Web Consortium},
	howpublished	= {\url{https://www.w3.org/}}, 
}

 @misc{datosbcn, 
     author			= {Biblioteca del Congreso Nacional de Chile},
	title			= {Sitio Datos abiertos enlazados de la Biblioteca del Congreso Nacional de Chile}, 
	howpublished	= {\url{http://datos.bcn.cl/}}, 
	journal			= {Sitio Datos abiertos enlazados}, 
	publisher		= {Biblioteca del Congreso Nacional de Chile}
 }

@misc{W3CDesignIssues, 
    author			= {World Wide Web Consortium},
	title			= {W3C Architectural and philosophical Design Issues}, 
	howpublished	= {\url{https://www.w3.org/DesignIssues/}},
	journal			= {Design Issues for the World Wide Web},
	publisher		= {World Wide Web Consortium},
}

@misc{rdfConcepts, 
    author			= {World Wide Web Consortium},
	title			= {RDF, Resource Description Framework Concepts}, 
	howpublished	= {\url{https://www.w3.org/TR/rdf-concepts/}},
	journal			= {Resource Description Framework},
	publisher		= {World Wide Web Consortium},
}

@misc{Vargas2019,
	author			= {Vargas, Hern{\'a}n and Buil-Aranda, Carlos and Hogan, Aidan and L{\'o}pez, Claudia},
	title			= {RDF Explorer: A Visual SPARQL Query Builder},
	year			= {2019},
}

@misc{Ngomo2019,
	author			= {Ngonga Ngomo, Axel-Cyrille and Moussallem, Diego and Bühmann, Lorenz},
	title			= {A Holistic Natural Language Generation Framework for the Semantic Web},
	year			= {2019},
}

@misc{Lehmann2013,
	author			= {Ngonga Ngomo, Axel-Cyrille and B\"{u}hmann, Lorenz and Unger, Christina and Lehmann, Jens and Gerber, Daniel},
	title			= {Sorry, i Don’t Speak SPARQL: Translating SPARQL Queries into Natural Language},
	year			= {2013},
}
  
@misc{Ngomo2013,
	author			= {Ngonga Ngomo, Axel-Cyrille and Bühmann, Lorenz and Unger, Christina and Lehmann, Jens and Gerber, Daniel},
	title			= {SPARQL2NL - Verbalizing SPARQL queries},
	year			= {2013},
}

@misc{Bikakis2016,
	author			= {Bikakis, Nikos and Sellis, Timos},
	title			= {Exploration and Visualization in the Web of Big Linked Data: A Survey of the State of the Art},
	year			= {2016},
}

@misc{Shneiderman2008,
	author			= {Shneiderman, Ben},
	title			= {Extreme Visualization: Squeezing a Billion Records into a Million Pixels},
	year			= {2008},
}

@misc{Clemmer2011,
	author			= {Clemmer, Aaron and Davies, Stephen},
	title			= {Smeagol: A “Specific-to-General” Semantic Web Query Interface Paradigm for Novices},
	year			= {2011},
}

@misc{Rafes2018,
	author			= {Rafes, Karima and Abiteboul, Serge and Cohen-Boulakia, Sarah and Rance, Bastien},
	title			= {Designing scientific SPARQL queries using autocompletion by snippets},
	year			= {2018},
}

@misc{Page1998,
	author			= {Page, Larry and Brin, Sergey and Motwani, R. and  Winograd, T.},
	title			= {The PageRank Citation Ranking: Bringing Order to the Web},
	year			= {1998}
}

@misc{Moreno2018,
	author			= {Moreno, Jose},
	title			= {A faceted browsing interface for diverse Large-Scale RDF Datasets},
	year			= {2018},
	howpublished    = {\url{http://repositorio.uchile.cl/handle/2250/168108}},
}

@misc{Rico2015,
	author			= {Rico, Mariano and Unger, Christina},
	title			= {Sorry, I only speak natural language: a pattern-based, data-driven and guided approach to mapping natural language queries to SPARQL},
	year			= {2015},
}

@misc{Lehmann2012,
    title           = {deqa: Deep Web Extraction for Question Answering},
    author          = {Jens Lehmann and Tim Furche and Giovanni Grasso and Axel-Cyrille Ngonga Ngomo and Christian Schallhart and Andrew Jon Sellers and Christina Unger and Lorenz B{\"u}hmann and Daniel Gerber and Konrad H{\"o}ffner and David Liu and S{\"o}ren Auer},
    year            = {2012}
}

@misc{Cimiano2013,
    title           = {Exploiting Ontology Lexica for Generating Natural Language Texts from RDF Data},
    author          = {Philipp Cimiano and Janna L{\"u}ker and David Nagel and Christina Unger},
    year            = {2013}
}

@misc{Androutsopoulos2014,
    author          = {Androutsopoulos, Ion and Lampouras, Gerasimos and Galanis, Dimitrios},
    title           = {Generating Natural Language Descriptions from OWL Ontologies: the NaturalOWL System},
    year            = {2014},
    journal         = {The Journal of Artificial Intelligence Research (JAIR)},
}

@misc{Colin2016,
    author          = {Colin, Emilie and Gardent, Claire and Mrabet, Yassine and Narayan, Shashi and Perez-Beltrachini, Laura},
    title           = {The WebNLG Challenge: Generating Text from DBPedia Data},
    year            = {2016},
}

@misc{Dadzie2011,
    author          = {Dadzie, Aba-Sah and Rowe, Mathew},
    title           = {Approaches to visualising Linked Data: A survey},
    year            = {2011},
    journal         = {Semantic Web},
}

@misc{El-Roby2016,
    author          = {El-Roby, Ahmed and Ammar, Khaled and Aboulnaga, Ashraf and Lin, Jimmy},
    title           = {Sapphire: Querying RDF Data Made Simple},
    year            = {2016},
    howpublished    = {\url{https://doi.org/10.14778/3007263.3007289}},
    journal         = {Proc. VLDB Endow.},
}
  


