@misc{Wikidata2014,
	author			= {{Denny Vrandecic and Markus Krotzsch}},
	title			= {{Wikidata: A Free Collaborative Knowledge Base}},
	year			= {2014},
	howpublished	= {\url{http://cacm.acm.org/magazines/2014/10/178785-wikidata/fulltext}},
	journal			= {{Communications of the ACM}},
}


@misc{rdfprimer11,
    author          = {{Guus Schreiber and Yves Raimond}},
    title           = {{RDF 1.1 Primer}},
    year            = {2014},
    howpublished    = {{W3C Working Group Note}},
    note            = {\url{https://www.w3.org/TR/rdf11-primer/}},
    month           = jun,
    day             = {24},
}

@article{Lehmann2014,
    author = {{Lehmann, Jens and Isele, Robert and Jakob, Max and Jentzsch, Anja and Kontokostas, Dimitris and Mendes, Pablo and Hellmann, Sebastian and Morsey, Mohamed and Van Kleef, Patrick and Auer, Sören and Bizer, Christian}},
    year = {2014},
    month = {01},
    title = {{DBpedia - A Large-scale, Multilingual Knowledge Base Extracted from Wikipedia}},
    volume = {6},
    journal = {Semantic Web Journal},
    howpublished	= {\url{https://doi.org/10.3233/SW-140134}},
    doi = {{10.3233/SW-140134}}
}

@Inbook{Unger2014,
    author={{Unger, Christina
    and Freitas, Andr{\'e}
    and Cimiano, Philipp}},
    title={{An Introduction to Question Answering over Linked Data}},
    bookTitle={{Reasoning Web. Reasoning on the Web in the Big Data Era: 10th International Summer School 2014, Athens, Greece, September 8-13, 2014. Proceedings}},
    year="2014",
    publisher={{Springer International Publishing}},
    address="Cham",
    pages="100--140",
    isbn="978-3-319-10587-1",
    doi="10.1007/978-3-319-10587-1_2",
    url="https://doi.org/10.1007/978-3-319-10587-1_2"
}

@inproceedings{Unger2015,
author = {{Unger, Christina and Forescu, Corina and Lopez, Vanessa and Ngonga Ngomo, Axel-Cyrille and Cabrio, Elena and Cimiano, Philipp and Walter, Sebastian}},
year = {2015},
month = {01},
title = {{Question Answering over Linked Data (QALD-5)}},
}

@InProceedings{Hernandez2016,
    author={{Hern{\'a}ndez, Daniel
    and Hogan, Aidan
    and Riveros, Cristian
    and Rojas, Carlos
    and Zerega, Enzo}},
    title={{Querying Wikidata: Comparing SPARQL, Relational and Graph Databases}},
    booktitle={{The Semantic Web -- ISWC 2016}},
    year="2016",
    month = {10},
    publisher={{Springer International Publishing}},
    address="Cham",
    pages="88--103",
    doi = {{10.1007/978-3-319-46547-0_10}},
    isbn="978-3-319-46547-0"
}

@article{Rietveld2016,
author = {{Rietveld, Laurens and Hoekstra, Rinke}},
year = {2016},
month = {12},
pages = {373-383},
title = {{The YASGUI family of SPARQL clients}},
volume = {8},
journal = {{Semantic Web}},
doi = {10.3233/SW-150197}
}

@article{Arenas2016,
author = {{Arenas, Marcelo and Grau, Bernardo and Kharlamov, Evgeny and Marciuska, Sarunas and Zheleznyakov, Dmitriy}},
year = {2016},
month = {01},
title = {{Faceted Search Over RDF-Based Knowledge Graphs}},
journal = {{SSRN Electronic Journal}},
doi = {10.2139/ssrn.3199228}
}

@article{Diaz2016,
author = {{Diaz, Gonzalo and Arenas, Marcelo and Benedikt, Michael}},
year = {2016},
month = {09},
pages = {1533-1536},
howpublished	= {\url{https://doi.org/10.14778/3007263.3007302}},
title = {{SPARQLByE: querying RDF data by example}},
volume = {9},
journal = {Proceedings of the VLDB Endowment},
doi = {10.14778/3007263.3007302}
}

@article{Ferre2016,
author = {{Ferré, Sébastien}},
year = {2016},
month = {12},
pages = {405-418},
title = {{Sparklis: An expressive query builder for SPARQL endpoints with guidance in natural language}},
volume = {8},
journal = {{Semantic Web}},
doi = {{10.3233/SW-150208}}
}

@misc{SPARQL, 
    author			= {World Wide Web Consortium},
	title			= {{SPARQL 1.1 Query Language}}, 
	howpublished	= {\url{http://www.w3.org/TR/sparql11-query/}}, 
	journal			= {{W3C}}
}

@misc{wikidataQueryService, 
    author			= {{World Wide Web Consortium}},
	title			= {{Wikidata Query Service}},
	howpublished	= {\url{https://query.wikidata.org/}}, 
}

@misc{w3c, 
    author			= {{World Wide Web Consortium}},
	title			= {{World Wide Web Consortium}},
	howpublished	= {\url{https://www.w3.org/}}, 
}

 @misc{datosbcn, 
     author			= {Biblioteca del Congreso Nacional de Chile},
	title			= {{Sitio Datos abiertos enlazados de la Biblioteca del Congreso Nacional de Chile}}, 
	howpublished	= {\url{http://datos.bcn.cl/}}, 
	journal			= {{Sitio Datos abiertos enlazados}}, 
	publisher		= {{Biblioteca del Congreso Nacional de Chile}}
 }

@misc{W3CDesignIssues, 
    author			= {World Wide Web Consortium},
	title			= {{W3C Architectural and philosophical Design Issues}}, 
	howpublished	= {\url{https://www.w3.org/DesignIssues/}},
	journal			= {{Design Issues for the World Wide Web}},
	publisher		= {{World Wide Web Consortium}},
}

@misc{rdfConcepts, 
    author			= {World Wide Web Consortium},
	title			= {{RDF, Resource Description Framework Concepts}}, 
	howpublished	= {\url{https://www.w3.org/TR/rdf-concepts/}},
	journal			= {{Resource Description Framework}},
	publisher		= {{World Wide Web Consortium}},
}

@InProceedings{Vargas2019,
    author={{Vargas, Hern{\'a}n
    and Buil-Aranda, Carlos
    and Hogan, Aidan
    and L{\'o}pez, Claudia}},
    title={{RDF Explorer: A Visual SPARQL Query Builder}},
    booktitle={{The Semantic Web -- ISWC 2019}},
    year="2019",
    month = {10},
    publisher={{Springer International Publishing}},
    address="Cham",
    pages="647--663",
    doi={{10.1007/978-3-030-30793-6_37}},
    isbn="978-3-030-30793-6"
}

@misc{Ngomo2019,
author = {{Ngonga Ngomo, Axel-Cyrille and Moussallem, Diego and Bühmann, Lorenz}},
year = {2019},
month = {11},
title = {{A Holistic Natural Language Generation Framework for the Semantic Web}}
}

@inproceedings{Lehmann2013,
author = {{Ngonga Ngomo, Axel-Cyrille and Bühmann, Lorenz and Unger, Christina and Lehmann, Jens and Gerber, Daniel}},
year = {2013},
month = {05},
title = {{Sorry, I don't speak SPARQL: translating SPARQL queries into natural language}},
journal = {WWW},
doi = {{10.1145/2488388.2488473}}
}

@inproceedings{Ngomo2013,
author = {{Ngonga Ngomo, Axel-Cyrille and Bühmann, Lorenz and Unger, Christina and Lehmann, Jens and Gerber, Daniel}},
year = {2013},
month = {05},
title = {{SPARQL2NL - Verbalizing SPARQL queries}},
doi = {{10.1145/2487788.2487936}}
}

@article{Bikakis2016,
author = {{Bikakis, Nikos and Sellis, Timos}},
year = {2016},
month = {01},
title = {{Exploration and Visualization in the Web of Big Linked Data: A Survey of the State of the Art}}
}

@inproceedings{Shneiderman2008,
author = {{Shneiderman, Ben}},
year = {2008},
month = {01},
pages = {3-12},
title = {{Extreme Visualization: Squeezing a Billion Records into a Million Pixels}},
doi = {{10.1145/1376616.1376618}}
}

@InProceedings{Clemmer2011,
    author={{Clemmer, Aaron
    and Davies, Stephen}},
    title={{Smeagol: A ``Specific-to-General'' Semantic Web Query Interface Paradigm for Novices}},
    booktitle={{Database and Expert Systems Applications}},
    year="2011",
    publisher="Springer Berlin Heidelberg",
    address="Berlin, Heidelberg",
    pages="288--302",
    month = {08},
    volume = {6860},
    doi = {{10.1007/978-3-642-23088-2_21}},
    isbn="978-3-642-23088-2"
}


@inproceedings{Rafes2018,
author = {{Rafes, Karima and Abiteboul, Serge and Cohen-Boulakia, Sarah and Rance, Bastien}},
year = {2018},
month = {09},
title = {{Designing Scientific SPARQL Queries Using Autocompletion by Snippets}},
doi = {{10.1109/eScience.2018.00038}}
}

@article{Page1998,
author = {{Page, Lawrence and Brin, Sergey and Motwani, Rajeev and Winograd, Terry}},
year = {1998},
month = {11},
title = {{The PageRank Citation Ranking: Bringing Order to the Web}}
}

@misc{Moreno2018,
	author			= {Moreno, Jose},
	title			= {{A faceted browsing interface for diverse Large-Scale RDF Datasets}},
	year			= {2018},
	howpublished    = {\url{http://repositorio.uchile.cl/handle/2250/168108}},
}

@inproceedings{Rico2015,
author = {{Rico, Mariano and Unger, Christina and Cimiano, Philipp}},
year = {2015},
month = {10},
title = {{Sorry, I only speak natural language: a pattern-based, data-driven and guided approach to mapping natural language queries to SPARQL}}
}

@InProceedings{Lehmann2012,
    author={{Lehmann, Jens
    and Furche, Tim
    and Grasso, Giovanni
    and Ngomo, Axel-Cyrille Ngonga
    and Schallhart, Christian
    and Sellers, Andrew
    and Unger, Christina
    and B{\"u}hmann, Lorenz
    and Gerber, Daniel
    and H{\"o}ffner, Konrad
    and Liu, David
    and Auer, S{\"o}ren}},
    title = {{DEQA: Deep Web Extraction for Question Answering}},
    booktitle={{The Semantic Web -- ISWC 2012}},
    year="2012",
    month = {11},
    publisher="Springer Berlin Heidelberg",
    address="Berlin, Heidelberg",
    pages="131--147",
    doi = {{10.1007/978-3-642-35173-0_9}},
    isbn="978-3-642-35173-0"
}

@inproceedings{Cimiano2013,
author = {{Cimiano, Philipp and Lüker, Janna and Nagel, David and Unger, Christina}},
year = {2013},
month = {08},
pages = {10-19},
title = {{Exploiting Ontology Lexica for Generating Natural Language Texts from RDF Data}}
}

@article{Androutsopoulos2014,
author = {{Androutsopoulos, Ion and Lampouras, Gerasimos and Galanis, Dimitrios}},
year = {2014},
month = {04},
pages = {671-715},
title = {{Generating Natural Language Descriptions from OWL Ontologies: the NaturalOWL System}},
volume = {48},
journal = {{The Journal of Artificial Intelligence Research (JAIR)}},
doi = {{10.1613/jair.4017}}
}

@inproceedings{Colin2016,
author = {{Colin, Emilie and Gardent, Claire and Mrabet, Yassine and Narayan, Shashi and Perez-Beltrachini, Laura}},
year = {2016},
month = {01},
pages = {163-167},
title = {{The WebNLG Challenge: Generating Text from DBPedia Data}},
doi = {{10.18653/v1/W16-6626}}
}

@article{Dadzie2011,
author = {{Dadzie, Aba-Sah and Rowe, Mathew}},
year = {2011},
month = {01},
pages = {89-124},
title = {{Approaches to visualising Linked Data: A survey}},
volume = {2},
journal = {{Semantic Web}},
doi = {{10.3233/SW-2011-0037}}
}

@inproceedings{El-Roby2016,
author = {{El-Roby, Ahmed and Ammar, Khaled and Aboulnaga, Ashraf and Lin, Jimmy}},
year = {2016},
month = {09},
pages = {1481-1484},
title = {{Sapphire: querying RDF data made simple}},
volume = {9},
journal = {{Proceedings of the VLDB Endowment}},
howpublished    = {\url{https://doi.org/10.14778/3007263.3007289}},
doi = {{10.14778/3007263.3007289}}
}

@Inbook{Zhang2018,
    author={{Zhang, Wei Emma
        and Sheng, Quan Z.}},
    title = {{Cache Based Optimization for Querying Curated Knowledge Bases}},
    bookTitle={{Managing Data From Knowledge Bases: Querying and Extraction}},
    year="2018",
    month = {08},
    publisher={{Springer International Publishing}},
    address="Cham",
    pages="19--46",
    isbn="978-3-319-94935-2",
    doi="10.1007/978-3-319-94935-2_2",
    url="https://doi.org/10.1007/978-3-319-94935-2_2"
}

@article{Dell2010,
author={Nicola Dell},
title={{VIQUEN: A visual query engine for RDF}},
year={2010},
month = {11},
}

@article{Sayers2004,
author = {{Sayers, Craig}},
year = {2004},
month = {05},
title = {{Node-centric RDF Graph Visualization}}
}

@InProceedings{Cerans2018,
    author={{{\v{C}}er{\={a}}ns, K{\={a}}rlis
        and {\v{S}}ostaks, Agris
        and Boj{\={a}}rs, Uldis
        and Ov{\v{c}}i{\c{n}}{\c{n}}ikova, J{\={u}}lija
        and L{\={a}}ce, Lelde
        and Grasmanis, Mikus
        and Rom{\={a}}ne, Aiga
        and Spro{\c{g}}is, Art{\={u}}rs
        and B{\={a}}rzdi{\c{n}}{\v{s}}, Juris}},
    title={{ViziQuer: A Web-Based Tool for Visual Diagrammatic Queries Over RDF Data}},
    booktitle={{The Semantic Web: ESWC 2018 Satellite Events}},
    year="2018",
    month = {08},
    publisher="Springer International Publishing",
    address="Cham",
    pages="158--163",
    doi = {{10.1007/978-3-319-98192-5_30}},
    isbn="978-3-319-98192-5"
}

@inproceedings{Zainab2015,
author = {{Sana, Syeda and Sana E Zainab, Syeda and Hasnain, Ali and Saleem, Muhammad and Mehmood, Qaiser and Zehra, Durre and Decker, Stefan}},
year = {2015},
month = {10},
title = {{FedViz: A visual interface for SPARQL queries formulation and execution}},
volume = {1456}
}

@article{Soylu2018,
      volume = {9},
      number = {5},
       month = {August},
      author = {{A. Soylu and E. Kharlamov and D. Zheleznyakov and E. Jimenez-Ruiz and M. Giese and M. G. Skjaeveland and D. Hovland and R. Schlatte and S. Brandt and H. Lie and I. Horrocks}},
        note = {{The final publication is available at IOS Press through http://dx.doi.org/10.3233/sw-180293}},
       title = {OptiqueVQS: A visual query system over ontologies for industry},
    publisher = {{IOS Press}},
        year = {2018},
     journal = {{Semantic Web}},
         doi = {10.3233/SW-180293},
         url = {https://openaccess.city.ac.uk/id/eprint/22928/},
        
}

@InProceedings{Kharlamov2016,
    author={{Kharlamov, Evgeny
        and Grau, Bernardo Cuenca
        and Jim{\'e}nez-Ruiz, Ernesto
        and Lamparter, Steffen
        and Mehdi, Gulnar
        and Ringsquandl, Martin
        and Nenov, Yavor
        and Grimm, Stephan
        and Roshchin, Mikhail
        and Horrocks, Ian}},
    title={{Capturing Industrial Information Models with Ontologies and Constraints}},
    booktitle={{The Semantic Web -- ISWC 2016}},
    year="2016",
    month = {10},
    publisher={{Springer International Publishing}},
    address="Cham",
    pages="325--343",
    doi = {{10.1007/978-3-319-46547-0_30}},
    isbn="978-3-319-46547-0"
}

@misc{SemanticWebWikipedia,
    author			= {{Wikimedia Foundation, Inc}},
	title			= {{Semantic Web Stack}},
	howpublished	= {\url{https://en.wikipedia.org/wiki/Semantic_Web_Stack}}, 
}

@misc{W3CRDF,
    author			= {{RDF Working Group}},
	title			= {{Resource Description Framework (RDF)}},
	howpublished	= {\url{https://www.w3.org/RDF/}}, 
}

@misc{RDFSemantics,
    author			= {{RDF Working Group}},
	title			= {{RDF 1.1 Semantics}},
	howpublished	= {\url{https://www.w3.org/TR/rdf11-mt/}}, 
}

@misc{RDFS,
    author			= {{RDF Working Group}},
	title			= {{RDF Vocabulary Description Language 1.0: RDF Schema (RDFS)}},
	howpublished	= {\url{https://www.w3.org/2001/sw/wiki/RDFS}}, 
}

@misc{OWL,
    author			= {{RDF Working Group}},
	title			= {{Web Ontology Language (OWL)}},
	howpublished	= {\url{https://www.w3.org/2001/sw/wiki/OWL}}, 
}

@misc{SKOS,
    author			= {{RDF Working Group}},
	title			= {{Simple Knowledge Organization System (SKOS)}},
	howpublished	= {\url{https://www.w3.org/2001/sw/wiki/SKOS}}, 
}

@misc{Turtle,
    author			= {{RDF Working Group}},
	title			= {{Turtle: Terse RDF Triple Language}},
	howpublished	= {\url{https://www.w3.org/TR/turtle/}}, 
}

@misc{nTriples,
    author			= {{RDF Working Group}},
	title			= {{N-Triples: A line-based syntax for an RDF graph}},
	howpublished	= {\url{https://www.w3.org/TR/2014/REC-n-triples-20140225/}}, 
}

@misc{LinkedData,
    author			= {{World Wide Web Consortium}},
	title			= {{LinkedData}},
	howpublished	= {\url{https://www.w3.org/wiki/LinkedData}}, 
}

@misc{WikidataIntroduction,
    author			= {{Wikimedia Foundation, Inc}},
	title			= {{Wikidata:Introduction}},
	howpublished	= {\url{https://www.wikidata.org/wiki/Wikidata:Introduction}}, 
}

@article{PerezAG09,
  author    = {Jorge P{\'{e}}rez and
               Marcelo Arenas and
               Claudio Guti{\'{e}}rrez},
  title     = {{Semantics and complexity of SPARQL}},
  journal   = {{ACM} Trans. Database Syst.},
  volume    = {34},
  year      = {2009},
  doi       = {10.1145/1567274.1567278}
}








  


